<?xml version="1.0" encoding="UTF-8"?><collection xmlns="http://www.loc.gov/MARC21/slim"><record><leader>00488nam--2200157-i-4500</leader><controlfield tag="001">000001748</controlfield><controlfield tag="002">20161230</controlfield><controlfield tag="005">20170211162247</controlfield><controlfield tag="008">060222s1000------------r-----000-0-eng-d</controlfield><datafield ind1=" " ind2=" " tag="080"><subfield code="a">621.039.54</subfield></datafield><datafield ind1=" " ind2=" " tag="100"><subfield code="a">Glanz, Gunther Erich</subfield></datafield><datafield ind1=" " ind2=" " tag="245"><subfield code="a">Difuzarea termica a maselor din sistemul vitroceramic uo2-sio2. teza pentru obtinerea titlului de doctor in fizica</subfield></datafield><datafield ind1=" " ind2=" " tag="260"><subfield code="a">Bucuresti</subfield><subfield code="b">Institutul De Fizica Atomica</subfield><subfield code="c">1969</subfield></datafield><datafield ind1=" " ind2=" " tag="300"><subfield code="a">105 p</subfield></datafield><datafield ind1=" " ind2=" " tag="852"><subfield code="a">31898</subfield></datafield><datafield ind1=" " ind2=" " tag="CAT"><subfield code="a">SYS</subfield><subfield code="c">20170211</subfield><subfield code="h">162247</subfield></datafield></record></collection>